<?xml version="1.0" encoding="UTF-8"?>
<collection xmlns:xsi="http://www.w3.org/2001/XMLSchema-instance" xsi:schemaLocation="http://www.loc.gov/MARC21/slim http://www.loc.gov/standards/marcxml/schema/MARC21slim.xsd" xmlns="http://www.loc.gov/MARC21/slim">
<record>
  <leader>00718cam a2200217M  4500</leader>
  <controlfield tag="001">3068079</controlfield>
  <controlfield tag="003">NNC</controlfield>
  <controlfield tag="005">20140317144055.0</controlfield>
  <controlfield tag="008">890925q193u    ua            000 0 ara d</controlfield>
  <datafield tag="035" ind1=" " ind2=" ">
    <subfield code="a">(OCoLC)ocm23504053</subfield>
  </datafield>
  <datafield tag="035" ind1=" " ind2=" ">
    <subfield code="9">ATP0513CU</subfield>
  </datafield>
  <datafield tag="035" ind1=" " ind2=" ">
    <subfield code="a">(NNC)3068079</subfield>
  </datafield>
  <datafield tag="035" ind1=" " ind2=" ">
    <subfield code="a">3068079</subfield>
  </datafield>
  <datafield tag="040" ind1=" " ind2=" ">
    <subfield code="a">EYM</subfield>
    <subfield code="c">EYM</subfield>
    <subfield code="d">ZCU</subfield>
  </datafield>
  <datafield tag="050" ind1=" " ind2="4">
    <subfield code="a">BP 70</subfield>
    <subfield code="b">.S49 1968</subfield>
  </datafield>
  <datafield tag="100" ind1="1" ind2=" ">
    <subfield code="a">Shaʻrānī, ʻAbd al-Wahhāb ibn Aḥmad,</subfield>
    <subfield code="d">approximately 1493-1565 or 1566.</subfield>
  </datafield>
  <datafield tag="245" ind1="1" ind2="3">
    <subfield code="a">al-Ṭabaqāt al-kubrā.</subfield>
  </datafield>
  <datafield tag="260" ind1=" " ind2=" ">
    <subfield code="a">Miṣr,</subfield>
    <subfield code="c">[193-?]</subfield>
  </datafield>
  <datafield tag="300" ind1=" " ind2=" ">
    <subfield code="a">2 v. in 1.</subfield>
    <subfield code="c">23 cm.</subfield>
  </datafield>
  <datafield tag="600" ind1="1" ind2="0">
    <subfield code="a">Shaʻrānī, ʻAbd al-Wahhāb ibn Aḥmad,</subfield>
    <subfield code="d">approximately 1493-1565 or 1566.</subfield>
    <subfield code="t">Anwār al-qudsīyah fī bayān qawāʼid al-Ṣūfīyah.</subfield>
  </datafield>
  <datafield tag="955" ind1=" " ind2=" ">
    <subfield code="b">CU58865306</subfield>
    <subfield code="d">off,glx</subfield>
    <subfield code="e">893.7112 Sh14</subfield>
  </datafield>
</record>
</collection>